 @misc{nosqlTalk,
    title  = "Introduction to NoSQL",
    author = "Martin Fowler",
    url    = "youtube.com/watch?v=qI_g07C_Q5I",
    year = 2012,
    note = "[Online; accessed 20-April-2020]"
    HOWPUBLISHED="GOTO Conference 2012"
}
      
@article{cite_scikit-learn,
 title={Scikit-learn: Machine Learning in {P}ython},
 author={Pedregosa, F. and Varoquaux, G. and Gramfort, A. and Michel, V.
         and Thirion, B. and Grisel, O. and Blondel, M. and Prettenhofer, P.
         and Weiss, R. and Dubourg, V. and Vanderplas, J. and Passos, A. and
         Cournapeau, D. and Brucher, M. and Perrot, M. and Duchesnay, E.},
 journal={Journal of Machine Learning Research},
 volume={12},
 pages={2825--2830},
 year={2011}
}

@ARTICLE{citenumpy,
author={S. {van der Walt} and S. C. {Colbert} and G. {Varoquaux}},
journal={Computing in Science Engineering},
title={The NumPy Array: A Structure for Efficient Numerical Computation},
year={2011},
volume={13},
number={2},
pages={22-30},
keywords={data structures;high level languages;mathematics computing;numerical analysis;numerical computation;numpy array;numerical data;high level language;Python programming language;Arrays;Numerical analysis;Performance evaluation;Computational efficiency;Finite element methods;Vector quantization;Resource management;Python;NumPy;scientific programming;numerical computations;programming libraries},
doi={10.1109/MCSE.2011.37},
ISSN={1558-366X},
month={March},}

@InProceedings{ citepandas,
  author    = { Wes McKinney },
  title     = { Data Structures for Statistical Computing in Python },
  booktitle = { Proceedings of the 9th Python in Science Conference },
  pages     = { 51 - 56 },
  year      = { 2010 },
  editor    = { St\'efan van der Walt and Jarrod Millman }
}